<?xml version="1.0" encoding="UTF-8"?><collection xmlns="http://www.loc.gov/MARC21/slim"><record><leader>00596nam--2200193-i-4500</leader><controlfield tag="001">000033126</controlfield><controlfield tag="002">20161230</controlfield><controlfield tag="005">20161230201039</controlfield><controlfield tag="008">060222s1000------------r-----000-0-eng-d</controlfield><datafield ind1=" " ind2=" " tag="040"><subfield code="a">IFIN-HH</subfield></datafield><datafield ind1=" " ind2=" " tag="080"><subfield code="a">538.91</subfield></datafield><datafield ind1="1" ind2=" " tag="100"><subfield code="a">Moffatt, William G</subfield></datafield><datafield ind1="1" ind2="0" tag="245"><subfield code="a">Structure</subfield><subfield code="b">The structure and properties of materials volume i</subfield><subfield code="c">William g. moffatt, goerge w. pearsall, john wulff</subfield></datafield><datafield ind1=" " ind2=" " tag="260"><subfield code="a">New York</subfield><subfield code="b">John Wiley &amp; Sons, Inc</subfield><subfield code="c">1964</subfield></datafield><datafield ind1=" " ind2=" " tag="300"><subfield code="a">VII + 236P</subfield></datafield><datafield ind1=" " ind2=" " tag="490"><subfield code="a">The Structure And Properties Of Materials</subfield></datafield><datafield ind1="1" ind2=" " tag="700"><subfield code="a">Wulff, John</subfield></datafield><datafield ind1=" " ind2=" " tag="852"><subfield code="a">25929</subfield><subfield code="c">539.2</subfield></datafield><datafield ind1=" " ind2=" " tag="CAT"><subfield code="a">Sys</subfield><subfield code="c">20121012</subfield><subfield code="h">143929</subfield></datafield></record></collection>